<?xml version="1.0" encoding="UTF-8"?><collection xmlns="http://www.loc.gov/MARC21/slim"><record><leader>00523nam--2200193-i-4500</leader><controlfield tag="001">000002977</controlfield><controlfield tag="002">20161230</controlfield><controlfield tag="005">20170222150341</controlfield><controlfield tag="008">060222s1000------------r-----000-0-fre-d</controlfield><datafield ind1=" " ind2=" " tag="040"><subfield code="a">IFIN-HH</subfield></datafield><datafield ind1=" " ind2=" " tag="041"><subfield code="a">fre</subfield></datafield><datafield ind1=" " ind2=" " tag="080"><subfield code="a">530.145.6</subfield></datafield><datafield ind1="1" ind2=" " tag="100"><subfield code="a">Brillouin, Leon</subfield></datafield><datafield ind1="1" ind2="0" tag="245"><subfield code="a">Propagation des ondes dans les millieux periodiques</subfield><subfield code="c">Leon Brillouin, Maurice Parodi</subfield></datafield><datafield ind1=" " ind2=" " tag="260"><subfield code="a">Paris</subfield><subfield code="b">Masson Et Cie, Editeurs</subfield><subfield code="c">1956</subfield></datafield><datafield ind1=" " ind2=" " tag="300"><subfield code="a">347 p</subfield></datafield><datafield ind1="1" ind2=" " tag="700"><subfield code="a">Parodi, Maurice</subfield></datafield><datafield ind1=" " ind2=" " tag="852"><subfield code="a">11725</subfield><subfield code="c">H.H</subfield></datafield><datafield ind1=" " ind2=" " tag="CAT"><subfield code="a">SYS</subfield><subfield code="c">20170222</subfield><subfield code="h">150341</subfield></datafield></record></collection>